% Encoding: UTF-8

% ---------------------------------
% Felipe Duarte - Bibliografia
% ---------------------------------

%--- intro
@misc{li2015,
      title={A New Exact Algorithm for Traveling Salesman Problem with Time Complexity Interval (O(n^4), O(n^3*2^n))}, 
      author={Yunpeng Li},
      year={2015},
      eprint={1412.2437},
      archivePrefix={arXiv},
      primaryClass={cs.DS}
}

@article{xu2007,
title = "An improved Dijkstra’s shortest path algorithm for sparse network",
journal = "Applied Mathematics and Computation",
volume = "185",
number = "1",
pages = "247 - 254",
year = "2007",
issn = "0096-3003",
doi = "https://doi.org/10.1016/j.amc.2006.06.094",
url = "http://www.sciencedirect.com/science/article/pii/S0096300306008563",
author = "M.H. Xu and Y.Q. Liu and Q.L. Huang and Y.X. Zhang and G.F. Luan",
}

@incollection{karp1972,
  title={Reducibility among combinatorial problems},
  author={Karp, Richard M},
  booktitle={Complexity of computer computations},
  pages={85--103},
  year={1972},
  publisher={Springer}
}

@article{whitley1994,
  title={A genetic algorithm tutorial},
  author={Whitley, Darrell},
  journal={Statistics and computing},
  volume={4},
  number={2},
  pages={65--85},
  year={1994},
  publisher={Springer}
}

@book{eiben2015,
  title={Introduction to evolutionary computing},
  author={Eiben, Agoston E and Smith, James E},
  year={2015},
  publisher={Springer}
}

@incollection{hewitt2013,
  title={What is computation? Actor model versus Turing's model},
  author={Hewitt, Carl},
  booktitle={A computable universe: understanding and exploring nature as computation},
  pages={159--185},
  year={2013},
  publisher={World Scientific}
}

%---
@inproceedings{scott2019ecj,
  title={ECJ at 20: toward a general metaheuristics toolkit},
  author={Scott, Eric O and Luke, Sean},
  booktitle={Proceedings of the Genetic and Evolutionary Computation Conference Companion},
  pages={1391--1398},
  year={2019}
}

@incollection{stutzle2018,
  title={Automated Design of Metaheuristic Algorithms},
  author={St{\"u}tzle, Thomas and L{\'o}pez-Ib{\'a}{\~n}ez, Manuel},
  booktitle={Handbook of Metaheuristics},
  pages={541--579},
  year={2018},
  publisher={Springer}
}


@article{gong2015,
  title={Distributed evolutionary algorithms and their models: A survey of the state-of-the-art},
  author={Gong, Yue-Jiao and Chen, Wei-Neng and Zhan, Zhi-Hui and Zhang, Jun and Li, Yun and Zhang, Qingfu and Li, Jing-Jing},
  journal={Applied Soft Computing},
  volume={34},
  pages={286--300},
  year={2015},
  publisher={Elsevier}
}

@article{zheng2015,
  title={A multi-agent optimization algorithm for resource constrained project scheduling problem},
  author={Zheng, Xiao-long and Wang, Ling},
  journal={Expert Systems with Applications},
  volume={42},
  number={15},
  pages={6039--6049},
  year={2015},
  publisher={Elsevier}
}

@article{milano2004,
  title={MAGMA: a multiagent architecture for metaheuristics},
  author={Milano, Michela and Roli, Andrea},
  journal={IEEE Transactions on Systems, Man, and Cybernetics, Part B (Cybernetics)},
  volume={34},
  number={2},
  pages={925--941},
  year={2004},
  publisher={IEEE}
}

@inproceedings{fernandes2009,
  title={A multiagent architecture for solving combinatorial optimization problems through metaheuristics},
  author={Fernandes, Filipe Costa and de Souza, S{\'e}rgio Ricardo and Silva, Maria Am{\'e}lia Lopes and Borges, Henrique Elias and Ribeiro, F{\'a}bio Fernandes},
  booktitle={Systems, Man and Cybernetics, 2009. SMC 2009. IEEE International Conference on},
  pages={3071--3076},
  year={2009},
  organization={IEEE}
}

% literature review basis

@article{silva2018,
  title={Hybrid metaheuristics and multi-agent systems for solving optimization problems: A review of frameworks and a comparative analysis},
  author={Silva, Maria Am{\'e}lia Lopes and de Souza, Sergio Ricardo and Souza, Marcone Jamilson Freitas and de Franca Filho, Moacir Felizardo},
  journal={Applied Soft Computing},
  volume={71},
  pages={433--459},
  year={2018},
  publisher={Elsevier}
}

@book{gaspar2012,
  title={Manual de computa{\c{c}}{\~a}o evolutiva e metaheur{\'\i}stica},
  author={Gaspar-Cunha, Ant{\'o}nio and Takahashi, Ricardo and Antunes, Carlos Henggeler},
  year={2012},
  publisher={Imprensa da Universidade de Coimbra/Coimbra University Press}
}

@article{storn1997,
  title={Differential evolution--a simple and efficient heuristic for global optimization over continuous spaces},
  author={Storn, Rainer and Price, Kenneth},
  journal={Journal of global optimization},
  volume={11},
  number={4},
  pages={341--359},
  year={1997},
  publisher={Springer}
}

@inproceedings{eberhart1995,
    author={J. {Kennedy} and R. {Eberhart}},
    booktitle={Proceedings of ICNN'95 - International Conference on Neural Networks},
    title={Particle swarm optimization},
    year={1995},
    volume={4},
    number={},
    pages={1942-1948 vol.4}
}

@inproceedings{eberhart1998,
    author={Y. {Shi} and R. {Eberhart}},  
    booktitle={1998 IEEE International Conference on Evolutionary Computation Proceedings. IEEE World Congress on Computational Intelligence (Cat. No.98TH8360)},   
    title={A modified particle swarm optimizer},   
    year={1998},  
    volume={},  
    number={},  
    pages={69-73}
}

@misc{bonyadi2017,
  title={Particle swarm optimization for single objective continuous space problems: a review},
  author={Bonyadi, Mohammad Reza and Michalewicz, Zbigniew},
  year={2017},
  publisher={MIT Press}
}

% AgE
@inproceedings{cetnarowicz1996application,
  title={The application of evolution process in multi-agent world to the prediction system},
  author={Cetnarowicz, Krzysztof and Kisiel-Dorohinicki, Marek and Nawarecki, Edward},
  booktitle={Proceedings of the Second International Conference on Multi-Agent Systems, ICMAS},
  volume={96},
  pages={26--32},
  year={1996}
}

@inproceedings{byrski2009agent,
  title={Agent-based model and computing environment facilitating the development of distributed computational intelligence systems},
  author={Byrski, Aleksander and Kisiel-Dorohinicki, Marek},
  booktitle={International Conference on Computational Science},
  pages={865--874},
  year={2009},
  organization={Springer}
}

@inproceedings{piketak2009functional,
  title={Functional integrity of multi-agent computational system supported by component-based implementation},
  author={Pi{\k{e}}tak, Kamil and Wo{\'s}, Adam and Byrski, Aleksander and Kisiel-Dorohinicki, Marek},
  booktitle={International Conference on Industrial Applications of Holonic and Multi-Agent Systems},
  pages={82--91},
  year={2009},
  organization={Springer}
}

@incollection{piketak2013agent,
  title={Agent-based framework facilitating component-based implementation of distributed computational intelligence systems},
  author={Pi{\k{e}}tak, Kamil and Kisiel-Dorohinicki, Marek},
  booktitle={Transactions on Computational Collective Intelligence X},
  pages={31--44},
  year={2013},
  publisher={Springer}
}

@inproceedings{kisiel2004agent,
  title={Agent-based models and platforms for parallel evolutionary algorithms},
  author={Kisiel-Dorohinicki, Marek},
  booktitle={International Conference on Computational Science},
  pages={646--653},
  year={2004},
  organization={Springer}
}

% jabat

@inproceedings{jedrzejowicz2006,
  title={JADE-Based a-team environment},
  author={Jȩdrzejowicz, Piotr and Wierzbowska, Izabela},
  booktitle={International Conference on Computational Science},
  pages={719--726},
  year={2006},
  organization={Springer}
}

@incollection{barbucha2010,
  title={JABAT middleware as a tool for solving optimization problems},
  author={Barbucha, Dariusz and Czarnowski, Ireneusz and J{\k{e}}drzejowicz, Piotr and Ratajczak-Ropel, Ewa and Wierzbowska, Izabela},
  booktitle={Transactions on computational collective intelligence II},
  pages={181--195},
  year={2010},
  publisher={Springer}
}

@phdthesis{silva2019,
  author       = {Maria Amélia Lopes Silva}, 
  title        = {AMAM: Framework Multiagente Para Otimização Usando Metaheurísticas},
  school       = {Centro Federal de Educação Tecnológica de Minas Gerais},
  year         = 2019,
  address      = {Belo Horizonte},
  month        = Junho
}

%bimasco
@mastersthesis{santos2003,
  Title = {Aspectos Conceituais e Arquiteturais para a Criação de Linhagens de Agentes de Software Cognitivos e Situados},
  Subtitle = {},
  Author = {Bruno André Santos},
  Year-presented = {Junho 2003},
  Pages = {130},
  Pagename = {f.},
  School = {CEFET-MG},
  Year = {2003},
  Address = {Belo Horizonte},
}

@mastersthesis{saliba2010,
  author       = {Edwar Saliba Junior}, 
  title        = {Sistema Multiagente Bioinspirado para Otimização Combinatória},
  school       = {Centro Federal de Educação Tecnológica de Minas Gerais},
  year         = 2010,
  address      = {Belo Horizonte},
  month        = 8
}

@mastersthesis {campos2006,
  title={Modelagem do processo cognitivo-emocional de um organismo artificial numa perspectiva dinâmico-interacionista},
  author={Luciana Maria de Assis Campos},
  school={CEFET-MG},
  Year-presented={2006},
  Pages={145},
  Pagename = {f.},
  Year={2006},
  Address={Belo Horizonte}
}

@mastersthesis {mapa2009,
  title = {Modelagem de Organismos Artificiais Cognitivo-Emocionais Dotados de Memória Experimenal de Longo Prazo},
  author= {Suelen Mapa},
  school= {CEFET-MG},
  Year-presented={2009},
  Pages = {169},
  Pagename = {f.},
  Year  = {2009},
  Address = {Belo Horizonte}
}

@mastersthesis {silva2008,
  title = {Modelagem e Desenvolvimento de um Mecanismo de Condicionamento para a Arquitetura Artífice},
  author= {Vinicius Alves Silva},
  school= {CEFET-MG},
  Year-presented={2008},
  Pages = {120},
  Pagename = {f.},
  year  = {2008},
}

@article{solomon1987,
  title={Algorithms for the vehicle routing and scheduling problems with time window constraints},
  author={Solomon, Marius M},
  journal={Operations research},
  volume={35},
  number={2},
  pages={254--265},
  year={1987},
  publisher={Informs}
}

@mastersthesis{denise2014,
  author       = {Denise de Souza}, 
  title        = {Generalização de Agentes de Software Metaheurísticos na Arquitetura BIMASCO},
  school       = {Centro Federal de Educação Tecnológica de Minas Gerais},
  year         = 2014,
  address      = {Belo Horizonte},
  month        = 3
}

@mastersthesis{marcus2015,
  author       = {Marcus Ricardo Aguiar dos Santos}, 
  title        = {Efeitos da Cooperação em um Sistema Multiagentes Autônomos Para a Solução de Problemas de Otimização},
  school       = {Centro Federal de Educação Tecnológica de Minas Gerais},
  year         = 2015,
  address      = {Belo Horizonte},
  month        = 3
}

@mastersthesis{pacheco,
  author       = {Rafael Avelar Pacheco}, 
  title        = {D-OPTIMAS: Um Sistema de Otimização Multiagentes Distribuido Baseado no Modelo de Atores},
  school       = {Centro Federal de Educação Tecnológica de Minas Gerais},
  year         = 2017,
  address      = {Belo Horizonte},
  month        = 1
}

@mastersthesis{oliveira2008,
  author       = {Renata Barbosa de Oliveira}, 
  title        = {Desenvolvimento de uma arquitetura multiagentes baseada em meta-heurísticas com um abordagem adaptative learning search},
  school       = {Centro Federal de Educação Tecnológica de Minas Gerais},
  year         = 2008,
  address      = {Belo Horizonte},
  month        = 10
}


@inproceedings{silva2007,
author = {Silva, Maria Amélia and Souza, Sérgio Ricardo and Borges, Henrique and Oliveira, Sabrina and Temponi, Elias},
year = {2007},
month = {10},
title = {AMAM: arquitetura multiagente para a solução, via metaheurísticas, de problemas de otimização combinatória},
booktitle={8th Symposium on Intelligent Automation},
location={Florianópolis, Brasil}
}

@inproceedings{silva2015,
  title={A multi-agent metaheuristic optimization framework with cooperation},
  author={Silva, Maria Am{\'e}lia Lopes and de Souza, S{\'e}rgio Ricardo and Souza, Marcone Jamilson Freitas and de Oliveira, Sabrina Moreira},
  booktitle={2015 Brazilian Conference on Intelligent Systems (BRACIS)},
  pages={104--109},
  year={2015},
  organization={IEEE}
}

@inproceedings{malek2009,
  title={Collaboration of metaheuristic algorithms through a multi-agent system},
  author={Malek, Richard},
  booktitle={International Conference on Industrial Applications of Holonic and Multi-Agent Systems},
  pages={72--81},
  year={2009},
  organization={Springer}
}

@inproceedings{malek2010,
  title={An agent-based hyper-heuristic approach to combinatorial optimization problems},
  author={Malek, Richard},
  booktitle={2010 IEEE International Conference on Intelligent Computing and Intelligent Systems},
  volume={3},
  pages={428--434},
  year={2010},
  organization={IEEE}
}

@article{martin2016,
  title={A multi-agent based cooperative approach to scheduling and routing},
  author={Martin, Simon and Ouelhadj, Djamila and Beullens, Patrick and Ozcan, Ender and Juan, Angel A and Burke, Edmund K},
  journal={European Journal of Operational Research},
  volume={254},
  number={1},
  pages={169--178},
  year={2016},
  publisher={Elsevier}
}

@inproceedings{juan2010a,
  title={A simulation-based approach for solving the flowshop problem},
  author={Juan P{\'e}rez, Angel Alejandro and Ru{\'\i}z, Rub{\'e}n and Louren{\c{c}}o, Helena R and Mateo Doll, Manuel and Ionescu, Dragos},
  booktitle={Proceedings of the 2010 winter simulation conference},
  pages={3384--3395},
  year={2010}
}

@article{juan2010b,
  title={The SR-GCWS hybrid algorithm for solving the capacitated vehicle routing problem},
  author={Juan, Angel A and Faulin, Javier and Ruiz, Rub{\'e}n and Barrios, Barry and Caball{\'e}, Santi},
  journal={Applied Soft Computing},
  volume={10},
  number={1},
  pages={215--224},
  year={2010},
  publisher={Elsevier}
}

@inproceedings{kerccelli2008,
  title={MANGO: A multiagent environment for global optimization},
  author={Ker{\c{c}}elli, Lirida and Sezer, Ayse and {\^O}ztoprak, F and Yolum, P{\i}nar and Birbil, S},
  booktitle={Proceedings of the 7th Conference on Autonomous and Multi-agent Systems},
  year={2008}
}

@article{birbil2003,
  title={An electromagnetism-like mechanism for global optimization},
  author={Birbil, {\c{S}} {\.I}lker and Fang, Shu-Chering},
  journal={Journal of global optimization},
  volume={25},
  number={3},
  pages={263--282},
  year={2003},
  publisher={Springer}
}
% -- sistemas distribuídos e modelo de atores 

@inproceedings{hewitt1973,
    author = {Hewitt, Carl and Bishop, Peter and Steiger, Richard},
    title = {A Universal Modular ACTOR Formalism for Artificial Intelligence},
    year = {1973},
    publisher = {Morgan Kaufmann Publishers Inc.},
    address = {San Francisco, CA, USA},
    booktitle = {Proceedings of the 3rd International Joint Conference on Artificial Intelligence},
    pages = {235–245},
    numpages = {11},
    location = {Stanford, USA},
    series = {IJCAI'73}
}

@book{tanenbaum,
  title={Distributed systems: principles and paradigms},
  author={Tanenbaum, Andrew S and Van Steen, Maarten},
  year={2007},
  publisher={Prentice-Hall}
}

@inproceedings{shapiro2011,
  title={Conflict-free replicated data types},
  author={Shapiro, Marc and Pregui{\c{c}}a, Nuno and Baquero, Carlos and Zawirski, Marek},
  booktitle={Symposium on Self-Stabilizing Systems},
  pages={386--400},
  year={2011},
  organization={Springer}
}

@book{norvig2018,
 Author = {RUSSELL / NORVIG},
 title = {ARTIFICIAL INTELLIGENCE: A MODERN APPROACH, 3/e},
 description = {ARTIFICIAL INTELLIGENCE: A MODERN APPROACH, 3/e (Book, 2018)},
 publisher = {Pearson Education},
 interhash = {ec0b31a929be183e82124bd206902686},
 intrahash = {7f4c2ddcebe79b4e51c90ddbb099db35},
 year = {2018},
 month = {feb},
 isbn = {0136042597}
}

@book{sutton2018,
  title={Reinforcement learning: An introduction},
  author={Sutton, Richard S and Barto, Andrew G},
  year={2018},
  publisher={MIT press}
}

@article{maturana2001,
  title={A {\'a}rvore do conhecimento},
  author={Maturana, Humberto and Varela, Francisco},
  journal={S{\~a}o Paulo: Palas Athena},
  volume={2},
  year={2001}
}

@book{harari2014,
  title={Sapiens: Uma Breve História da Humanidade},
  author={Harari, Yuval Noah},
  year={2015},
  publisher={L\&PM}
}

@inproceedings{marcolino2013,
  title={Multi-agent team formation: Diversity beats strength?},
  author={Marcolino, Leandro Soriano and Jiang, Albert Xin and Tambe, Milind},
  booktitle={Twenty-Third International Joint Conference on Artificial Intelligence},
  year={2013}
}

@article{binitha2012,
  title={A survey of bio inspired optimization algorithms},
  author={Binitha, S and Sathya, S Siva and others},
  journal={International journal of soft computing and engineering},
  volume={2},
  number={2},
  pages={137--151},
  year={2012},
  publisher={Citeseer}
}

@book{holland2014,
  title={Complexity: A very short introduction},
  author={Holland, John H},
  year={2014},
  publisher={OUP Oxford}
}

@article{dorri2018,
  title={Multi-agent systems: A survey},
  author={Dorri, Ali and Kanhere, Salil S and Jurdak, Raja},
  journal={Ieee Access},
  volume={6},
  pages={28573--28593},
  year={2018},
  publisher={IEEE}
}

@article{wolpert1997,
  title={No free lunch theorems for optimization},
  author={Wolpert, David H and Macready, William G},
  journal={IEEE transactions on evolutionary computation},
  volume={1},
  number={1},
  pages={67--82},
  year={1997},
  publisher={IEEE}
}

@incollection{burke2003,
  title={Hyper-heuristics: An emerging direction in modern search technology},
  author={Burke, Edmund and Kendall, Graham and Newall, Jim and Hart, Emma and Ross, Peter and Schulenburg, Sonia},
  booktitle={Handbook of metaheuristics},
  pages={457--474},
  year={2003},
  publisher={Springer}
}

@article{dokeroglu2019,
  title={A survey on new generation metaheuristic algorithms},
  author={Dokeroglu, Tansel and Sevinc, Ender and Kucukyilmaz, Tayfun and Cosar, Ahmet},
  journal={Computers \& Industrial Engineering},
  volume={137},
  pages={106040},
  year={2019},
  publisher={Elsevier}
}

@article{blanca2017,
  title={Non-normal data: Is ANOVA still a valid option?},
  author={Blanca Mena, M Jos{\'e} and Alarc{\'o}n Postigo, Rafael and Arnau Gras, Jaume and Bono Cabr{\'e}, Roser and Bendayan, Rebecca},
  journal={Psicothema, 2017, vol. 29, num. 4, p. 552-557},
  year={2017},
  publisher={Facultad de Psicolog{\'\i}a de la Universidad de Oviedo y el Colegio Oficial de~…}
}

% metaheuristics bibliography

@book{resende2016grasp,
  title={Optimization by GRASP},
  author={Resende, Mauricio GC and Ribeiro, Celso C},
  year={2016},
  publisher={Springer}
}

@book{lourencco2003ils,
  title={Iterated local search},
  author={Louren{\c{c}}o, Helena R and Martin, Olivier C and St{\"u}tzle, Thomas},
  year={2003},
  publisher={Springer}
}

@article{mladenovic1997vns,
  title={Variable neighborhood search},
  author={Mladenovi{\'c}, Nenad and Hansen, Pierre},
  journal={Computers \& operations research},
  volume={24},
  number={11},
  pages={1097--1100},
  year={1997},
  publisher={Elsevier}
}
@book{van1987sa,
  title={Simulated annealing},
  author={Van Laarhoven, Peter JM and Aarts, Emile HL and van Laarhoven, Peter JM and Aarts, Emile HL},
  year={1987},
  publisher={Springer}
}

@article{marini2015pso,
  title={Particle swarm optimization (PSO). A tutorial},
  author={Marini, Federico and Walczak, Beata},
  journal={Chemometrics and Intelligent Laboratory Systems},
  volume={149},
  pages={153--165},
  year={2015},
  publisher={Elsevier}
}

@article{price2013de,
  title={Differential evolution},
  author={Price, Kenneth V},
  journal={Handbook of Optimization: From Classical to Modern Approach},
  pages={187--214},
  year={2013},
  publisher={Springer}
}

@article{hasselt2010qlearning,
  title={Double Q-learning},
  author={Hasselt, Hado},
  journal={Advances in neural information processing systems},
  volume={23},
  year={2010}
}

@ARTICLE{hansen2021,
author = {Hansen, N. and Auger, A. and Ros, R. and Mersmann, O.
          and Tu{\v s}ar, T. and Brockhoff, D.},
title = {{COCO}: A Platform for Comparing Continuous Optimizers 
          in a Black-Box Setting},
journal = {Optimization Methods and Software},
doi = {https://doi.org/10.1080/10556788.2020.1808977},
pages = {114--144},
issue = {1},
volume = {36},
year = 2021
}


@article{dokeroglu2019,
  title={A survey on new generation metaheuristic algorithms},
  author={Dokeroglu, Tansel and Sevinc, Ender and Kucukyilmaz, Tayfun and Cosar, Ahmet},
  journal={Computers \& Industrial Engineering},
  volume={137},
  pages={106040},
  year={2019},
  publisher={Elsevier}
}

@incollection{stutzle2018,
  title={Automated Design of Metaheuristic Algorithms},
  author={St{\"u}tzle, Thomas and L{\'o}pez-Ib{\'a}{\~n}ez, Manuel},
  booktitle={Handbook of Metaheuristics},
  pages={541--579},
  year={2018},
  publisher={Springer}
}


@article{gong2015,
  title={Distributed evolutionary algorithms and their models: A survey of the state-of-the-art},
  author={Gong, Yue-Jiao and Chen, Wei-Neng and Zhan, Zhi-Hui and Zhang, Jun and Li, Yun and Zhang, Qingfu and Li, Jing-Jing},
  journal={Applied Soft Computing},
  volume={34},
  pages={286--300},
  year={2015},
  publisher={Elsevier}
}

@article{zheng2015,
  title={A multi-agent optimization algorithm for resource constrained project scheduling problem},
  author={Zheng, Xiao-long and Wang, Ling},
  journal={Expert Systems with Applications},
  volume={42},
  number={15},
  pages={6039--6049},
  year={2015},
  publisher={Elsevier}
}

@article{milano2004,
  title={MAGMA: a multiagent architecture for metaheuristics},
  author={Milano, Michela and Roli, Andrea},
  journal={IEEE Transactions on Systems, Man, and Cybernetics, Part B (Cybernetics)},
  volume={34},
  number={2},
  pages={925--941},
  year={2004},
  publisher={IEEE}
}

@inproceedings{fernandes2009,
  title={A multiagent architecture for solving combinatorial optimization problems through metaheuristics},
  author={Fernandes, Filipe Costa and de Souza, S{\'e}rgio Ricardo and Silva, Maria Am{\'e}lia Lopes and Borges, Henrique Elias and Ribeiro, F{\'a}bio Fernandes},
  booktitle={Systems, Man and Cybernetics, 2009. SMC 2009. IEEE International Conference on},
  pages={3071--3076},
  year={2009},
  organization={IEEE}
}
